@Inbook{MarxGross2014,
  title={Festk{\"o}rperphysik},
  author={Gross, R. and Marx, A.},
  isbn={9783486712940},
  url={https://books.google.at/books?id=4BY31IukHI8C},
  year={2014},
  pages={110--113},
  publisher={Oldenbourg Wissenschaftsverlag}
}

@Inbook{Straumann2017,
author="Straumann, Norbert",
title="Korrelationsungleichungen, Anwendungen",
bookTitle="Statistische Mechanik: Einf{\"u}hrung und Weiterf{\"u}hrendes",
year="2017",
publisher="Springer Berlin Heidelberg",
address="Berlin, Heidelberg",
pages="110--113",
abstract="Wir diskutieren in diesem Kapitel die einfachen Korrelationsungleichungen f{\"u}r Ising-{\"a}hnliche Systeme und einige ihrer wichtigsten Anwendungen.",
isbn="978-3-662-52950-8",
doi="10.1007/978-3-662-52950-8_21",
url="https://doi.org/10.1007/978-3-662-52950-8_21"
}

@Inbook{StatPhys_Nolting_K1,
author="Nolting, Wolfgang",
title="Klassische Statistische Physik",
bookTitle="Grundkurs Theoretische Physik 6: Statistische Physik",
year="2014",
publisher="Springer Berlin Heidelberg",
address="Berlin, Heidelberg",
pages="1--99",
abstract="Vorbereitungen",
isbn="978-3-642-25393-5",
doi="10.1007/978-3-642-25393-5_1",
url="https://doi.org/10.1007/978-3-642-25393-5_1"
}

@Inbook{StatPhys_Nolting_K4,
title="Phasen{\"u}berg{\"a}nge",
bookTitle="Grundkurs Theoretische Physik 6: Statistische Physik",
year="2007",
publisher="Springer Berlin Heidelberg",
address="Berlin, Heidelberg",
pages="275--399",
abstract="Die Frage nach den Ursachen und den Mechanismen der Phasen{\"u}berg{\"a}nge z{\"a}hlt zu den {\"a}ltesten Problemen der Physik. Seit Begr{\"u}ndung der Naturphilosophie dachten Wissenschaftler dar{\"u}ber nach, warum es die vier verschiedenen Elemente Feuer, Wasser, Erde, Luft gibt und unter welchen Bedingungen sich diese Erscheinungsformen der Materie ineinander umwandeln k{\"o}nnen.Wir haben unsmit der Theorie der Phasen{\"u}berg{\"a}nge, die nachwie vor hochaktuell ist und einwichtigesAnwendungsgebiet der Statistischen Physik darstellt, bereits in Bd. 4 diesesGrundkurs: Theoretische Physik besch{\"a}ftigt, soweit dieses im Rahmen der klassischen ph{\"a}nomenologischen Thermodynamik m{\"o}glich war. In knapper Form werden wir in dem einleitenden Abschn. 4.1 die wichtigsten Resultate und Begriffe noch einmal zusammenstellen und einige f{\"u}r das Folgende wichtige Erg{\"a}nzungen formulieren, um uns dann in Abschn. 4.2 etwas eingehender mit den kritischen Ph{\"a}nomenen zu befassen, die im Zusammenhang mit so genannten Phasen{\"u}berg{\"a}ngen zweiter Ordnung beobachtet werden.",
isbn="978-3-540-68871-6",
doi="10.1007/978-3-540-68871-6_4",
url="https://doi.org/10.1007/978-3-540-68871-6_4"
}

@Inbook{StatPhys_Nolting_K2,
title="Quantenstatistik",
bookTitle="Grundkurs Theoretische Physik 6: Statistische Physik",
year="2007",
publisher="Springer Berlin Heidelberg",
address="Berlin, Heidelberg",
pages="99--166",
abstract="Unsere bisherigen, recht ausf{\"u}hrlichen Betrachtungen zur Statistischen Physik waren rein klassischer Natur. Nat{\"u}rlich w{\"u}rde es uns nicht schwer fallen, Grenzen ihrer G{\"u}ltigkeit aufzudecken, d. h. Widerspr{\"u}che zum Experiment aufzusp{\"u}ren, so wie es uns ja auch mit der Klassischen Mechanik ergangen ist. Letztlich ben{\"o}tigt die korrekteNaturbeschreibung nat{\"u}rlich die {\"u}bergeordnete Quantenmechanik.Wirwerden also die Klassische Statistische Physik des ersten Kapitels auf eine Quantenstatistik umzuschreiben haben. Dabei wird sich herausstellen, dass die grundlegenden Konzepte der Statistik dieselben bleiben, dass sie allerdings auch mit einigen typisch quantenmechanischen Aspekten zu kombinieren sind. Erinnern wir uns noch einmal: Klassisch gelingt die vollst{\"a}ndige Beschreibung eines physikalischen Systems durch Angabe der Phase $\pi$ = (q, p), die sich den Hamilton'schen Bewegungsgleichungen (1.13) entsprechend zeitabh{\"a}ngig im Phasenraum  {\"a}ndert und damit die Phasentrajektorie des Systems definiert. Statistische Methoden werden notwendig bei unvollst{\"a}ndiger Information {\"u}ber die zur L{\"o}sung der Bewegungsgleichungen unverzichtbaren Anfangsbedingungen, was f{\"u}r makroskopische Systeme der Regelfall ist.",
isbn="978-3-540-68871-6",
doi="10.1007/978-3-540-68871-6_2",
url="https://doi.org/10.1007/978-3-540-68871-6_2"
}

@Article{Anders1969,
author = {Anders Martin-Löf},
title = {On the Spontaneous Magnetization in the Ising Model},
journal = {Comm. Math. Phys.}, 
year = {1969},
volume = {24},
number = {4},
month = {DEC},
pages = "253--259"
} % pages253-259 in Communications in Mathematical Physics

@Article{StrongSzegoeTheorem_Hirschman,
 ISSN = {00029327, 10806377},
 URL = {http://www.jstor.org/stable/2373143},
 author = {I. I. Hirschman},
 journal = {American Journal of Mathematics},
 number = {3},
 pages = {577--614},
 publisher = {Johns Hopkins University Press},
 title = {The Strong Szegö Limit Theorem for Toeplitz Determinants},
 volume = {88},
 year = {1966}
}

@article {StrongSzegoeTheorem_Silbermann,
      author = "Bernd Silbermann",
      title = "THE STRONG SZEGÖ LIMIT THEOREM FOR A CLASS OF SINGULAR GENERATING FUNCTIONS, I",
      journal = "Demonstratio Mathematica",
      year = "1981",
      publisher = "De Gruyter",
      address = "Berlin, Boston",
      volume = "14",
      number = "3",
      doi = "https://doi.org/10.1515/dema-1981-0311",
      pages=      "647 - 668",
      url = "https://www.degruyter.com/view/journals/dema/14/3/article-p647.xml"
}

@Article{Montroll_Potts_Ward,
author = {Montroll,Elliott W.  and Potts,Renfrey B.  and Ward,John C. },
title = {Correlations and Spontaneous Magnetization of the Two‐Dimensional Ising Model},
journal = {Journal of Mathematical Physics},
volume = {4},
number = {2},
pages = {308-322},
year = {1963},
doi = {10.1063/1.1703955},
URL = { 
        https://doi.org/10.1063/1.1703955    
},
eprint = { 
        https://doi.org/10.1063/1.1703955    
}
}

@article{GVinQuantumMechanics,
author = {Varilly, Patrick},
year = {2006},
month = {01},
pages = {97-117},
title = {Grassmann Numbers in Quantum Mechanics},
volume = {8},
journal = {MIT Undergraduate Journal of Mathematics}
}

@Misc{GVFieldTheory,
author = {Zinn-Justin, Jean},
title = {An introduction to Quantum Field Theory I - Lecture 10: Fermions in the grassmann formalism},
howpublished = {Vorlesungsskript},
Institution = {Commissariat à l'énergie atomique},
month = {02},
year = {2016},
note = {URL = http://irfu.cea.fr/Phocea/Page/index.php?id=678},
}

@inproceedings{Haber2009NotesOA,
  title={Notes on antisymmetric matrices and the pfaffian},
  author={Howard E. Haber},
  year={2009}
}

@article{StuartSamuel1,
author = {Samuel,Stuart },
title = {The use of anticommuting variable integrals in statistical mechanics. I. The computation of partition functions},
journal = {Journal of Mathematical Physics},
volume = {21},
number = {12},
pages = {2806-2814},
year = {1980},
doi = {10.1063/1.524404},
URL = { 
        https://doi.org/10.1063/1.524404 
},
eprint = { 
        https://doi.org/10.1063/1.524404  
}

}
@article{StuartSamuel2,
author = {Samuel,Stuart },
title = {The use of anticommuting variable integrals in statistical mechanics. II. The computation of correlation functions},
journal = {Journal of Mathematical Physics},
volume = {21},
number = {12},
pages = {2815-2819},
year = {1980},
doi = {10.1063/1.524405},
URL = { 
        https://doi.org/10.1063/1.524405
},
eprint = { 
        https://doi.org/10.1063/1.524405
}
}

@book{BookRefForGV,
  author={Negele, John W. and Orland, Henri},
  title={Quantum many-particle systems},
  publisher={Westview Press},
  address={[Boulder, Colo.]},
  year={1998},
  pages={XIV, 459 S.},
  isbn={978-0-7382-0052-1},
  series={Advanced books classics},
  note={Description based upon print version of record},
  url={http://ebookcentral.proquest.com/lib/ub-heidelberg/detail.action?docID=1212673},
  library={UB},
}

@book{horn_johnson_1991,
place={Cambridge},
title={Topics in Matrix Analysis},
DOI={10.1017/CBO9780511840371},
publisher={Cambridge University Press},
author={Horn, Roger A. and Johnson, Charles R.},
year={1991}
}

@book{quiring2017lernbuch,
  title={Lernbuch Lineare Algebra und Analytische Geometrie: Das Wichtigste ausf{\"u}hrlich f{\"u}r das Lehramts- und Bachelorstudium},
  author={Quiring, F. and Fischer, G.},
  isbn={9783658181918},
  url={https://books.google.at/books?id=FvokDwAAQBAJ},
  year={2017},
  publisher={Springer Fachmedien Wiesbaden}
}

@misc{wegner2014duality,
    title={Duality in generalized Ising models},
    author={Franz J. Wegner},
    year={2014},
    eprint={1411.5815},
    archivePrefix={arXiv},
    primaryClass={hep-lat}
}

@Misc{PostBac,
author = {Matthias Post},
title = {L{\"o}sung des zweidimensionalen Ising-Modells mittels Graßmann-Variablen und der Renormierungsgruppe},
howpublished = {Bachelorarbeit},
year = {2014},
note = {Westf{\"a}lische Wilhelms-Universit{\"a}t M{\"u}nster},
}

@misc{Gandhi, 
    author = {Viswanathan Gandhi}, 
    publisher = {Gandhi Viswanathan's Blog}, 
    title = {Exact solution of the 2D Ising model via Grassmann variables}, 
    month = {10}, 
    year = {2018}, 
    url = {https://gandhiviswanathan.wordpress.com/2018/10/31/exact-solution-of-the-2d-ising-model-via-grassmann-variables/},
    note = {accessed: 22.09.2020}
    }